<collection xmlns="http://www.loc.gov/MARC21/slim">
<record>
  <leader>00920nam0a22002291i 450 </leader>
  <controlfield tag="001">IT\ICCU\CNCE\024829</controlfield>
  <controlfield tag="005">20100315000000.0</controlfield>
  <datafield tag="100" ind1=" " ind2=" ">
    <subfield code="a">19970913d1558        0itac0103    ba</subfield>
  </datafield>
  <datafield tag="101" ind1=" " ind2=" ">
    <subfield code="a">LAT</subfield>
  </datafield>
  <datafield tag="102" ind1=" " ind2=" ">
    <subfield code="a">IT</subfield>
  </datafield>
  <datafield tag="200" ind1="1" ind2=" ">
    <subfield code="a">Vera festa Cancellarie firma et mobilia</subfield>
  </datafield>
  <datafield tag="210" ind1=" " ind2=" ">
    <subfield code="a">Romae</subfield>
    <subfield code="c">in acie Campi Florae per Antonium Bladum</subfield>
    <subfield code="d">impressorem cameralem</subfield>
    <subfield code="d">1558</subfield>
  </datafield>
  <datafield tag="215" ind1=" " ind2=" ">
    <subfield code="a">1 foglio</subfield>
  </datafield>
  <datafield tag="620" ind1=" " ind2=" ">
    <subfield code="a">IT</subfield>
    <subfield code="d">Roma</subfield>
  </datafield>
  <datafield tag="710" ind1="0" ind2="2">
    <subfield code="a">Santa Sede</subfield>
    <subfield code="b"> : Cancelleria apostolica</subfield>
    <subfield code="3">IT\ICCU\CNCA\006935</subfield>
  </datafield>
  <datafield tag="712" ind1="0" ind2="0">
    <subfield code="a">Blado, Antonio</subfield>
    <subfield code="3">IT\ICCU\CNCT\000157</subfield>
    <subfield code="4">650</subfield>
  </datafield>
  <datafield tag="791" ind1="0" ind2="2">
    <subfield code="a">Cancellaria Apostolica</subfield>
    <subfield code="3">7818</subfield>
    <subfield code="z">Santa Sede : Cancelleria apostolica</subfield>
  </datafield>
  <datafield tag="791" ind1="0" ind2="2">
    <subfield code="a">Antonio d&apos;Asola</subfield>
    <subfield code="3">IT\ICCU\CNCT\003628</subfield>
    <subfield code="z">Blado, Antonio</subfield>
  </datafield>
  <datafield tag="791" ind1="0" ind2="0">
    <subfield code="a">Bladus, Antonius</subfield>
    <subfield code="3">IT\ICCU\CNCT\004402</subfield>
    <subfield code="z">Blado, Antonio</subfield>
  </datafield>
  <datafield tag="791" ind1="0" ind2="0">
    <subfield code="a">Bladi, Antonio de</subfield>
    <subfield code="3">IT\ICCU\CNCT\004403</subfield>
    <subfield code="z">Blado, Antonio</subfield>
  </datafield>
  <datafield tag="801" ind1=" " ind2="3">
    <subfield code="a">IT</subfield>
    <subfield code="b">ICCU</subfield>
    <subfield code="c">20201114</subfield>
  </datafield>
  <datafield tag="899" ind1=" " ind2=" ">
    <subfield code="a">Biblioteca Apostolica Vaticana. Citt ̉del Vaticano</subfield>
    <subfield code="1">EX0001</subfield>
    <subfield code="2">ZCV 01</subfield>
  </datafield>
</record>
</collection>
